device_name,device_id,test_date,test_time,groundWGFMU,pulseWGFMU,startVolage1,endVoltage1,startVolage2,endVoltage2,stepSize,riseTime,fallTime,pulseWidth,pulseDelay,VpreCond1,VpreCond2,riseTimePrecond,fallTimePrecon,pulseWidthPreCond,bothSides,repetitions,preConEveryLoop,groundVoltageDuringPulse,measName,VStartPos (V),VEndPos (V),VStartNeg (V),VEndNeg (V),twidth (s),onOffRatio,A_LTP,A_LTD,NL_LTP,NL_LTD,num_LTP,num_LTD,fit_R2_LTP,fit_R2_LTD,epochs,accuracy,filename
,ID161ZR15000,24.10.2024,10:49:37,SMU2,WGFMU1,0.8,5.0,-0.9,-3.6,0.042,2e-08,2e-08,2e-08,0.001,0.0,0.0,0.0001,0.0001,0.005,0.0,2.0,0.0,0.0,2em8s,1.1,5.0,-0.8,-3.6,2e-08,1.7265817776544818,0.6636943992054151,-8680.912416320118,1.85,-0.01,92,65,0.9904026000493729,0.9747088478916488,,,pulsedAmplitudeSweep_DCIV[_ID161ZR15000(1)]20241024104937_output.dat
,ID161ZR15000,24.10.2024,11:04:02,SMU2,WGFMU1,0.7,5.0,-0.6,-3.6,0.042,2e-08,2e-08,2e-08,0.001,0.0,0.0,0.0001,0.0001,0.005,0.0,2.0,0.0,0.0,2em8s,0.7,5.0,-0.5,-3.7,2e-08,1.8999156065406984,1.1087693145251356,-3.0363436629625533,1.1300000000000001,-0.42,102,72,0.9623841772007073,0.9843974004966902,,,pulsedAmplitudeSweep_DCIV[_ID161ZR15000(1)]20241024110402_output.dat
,ID161ZR15000,24.10.2024,11:11:32,SMU2,WGFMU1,0.4,4.1,-0.5,-3.3,0.041,2e-08,2e-08,2e-07,0.001,0.0,0.0,0.0001,0.0001,0.005,0.0,2.0,0.0,0.0,2em7s,0.3,4.2,-0.4,-3.4,2e-07,4.36514317757488,0.5008749241474711,-0.4596895997769338,2.39,-2.58,90,69,0.9151297238242934,0.9415484433464997,,,pulsedAmplitudeSweep_DCIV[_ID161ZR15000(1)]20241024111132_output.dat
,ID161ZR15000,24.10.2024,11:19:00,SMU2,WGFMU1,0.3,4.0,-0.4,-2.9,0.036,2e-08,2e-08,2e-06,0.001,0.0,0.0,0.0001,0.0001,0.005,0.0,2.0,0.0,0.0,2em6s,0.3,4.1,-0.3,-3.0,2e-06,6.795267075824942,0.5730470044259834,-0.3395344699282514,2.12,-3.34,103,70,0.91774522532959,0.9587588605949432,,,pulsedAmplitudeSweep_DCIV[_ID161ZR15000(1)]20241024111900_output.dat
,ID161ZR15000,24.10.2024,11:26:07,SMU2,WGFMU1,0.1,3.6,-0.1,-3.4,0.048,2e-08,2e-08,2e-05,0.001,0.0,0.0,0.0001,0.0001,0.005,0.0,2.0,0.0,0.0,2em5s,0.1,3.7,-0.1,-3.5,2e-05,9.056995569050784,0.47526508487664604,-0.41715539168858634,2.5100000000000002,-2.81,73,69,0.912838114477977,0.9175323242465735,,,pulsedAmplitudeSweep_DCIV[_ID161ZR15000(1)]20241024112607_output.dat
,ID161ZR15000,24.10.2024,11:32:36,SMU2,WGFMU1,0.1,3.1,-0.1,-3.1,0.045,2e-08,2e-08,0.0002,0.001,0.0,0.0,0.0001,0.0001,0.005,0.0,2.0,0.0,0.0,2em4s,0.1,3.2,-0.1,-3.2,0.0002,10.405707923946832,0.3623735706368907,-0.4385730036889631,3.17,-2.69,67,67,0.9037364497336994,0.9204965801028304,,,pulsedAmplitudeSweep_DCIV[_ID161ZR15000(1)]20241024113236_output.dat
,ID161ZR15000,24.10.2024,11:38:44,SMU2,WGFMU1,0.1,2.0,-0.1,-2.0,0.03,2e-08,2e-08,0.002,0.001,0.0,0.0,0.0001,0.0001,0.005,0.0,2.0,0.0,0.0,2em3s,0.1,2.0,-0.1,-2.0,0.002,7.271844326861233,0.4685074828847212,-0.7294731842687586,2.54,-1.69,63,63,0.8995984951865301,0.9470259410786753,,,pulsedAmplitudeSweep_DCIV[_ID161ZR15000(1)]20241024113844_output.dat
,ID166ZR10000,24.10.2024,14:15:34,SMU2,WGFMU1,0.7,5.0,-0.6,-3.6,0.042,2e-08,2e-08,2e-08,0.001,0.0,0.0,0.0001,0.0001,0.005,0.0,2.0,0.0,0.0,2em8s,0.6,5.0,-0.6,-3.7,2e-08,4.607651830803921,1.1566383225227992,-0.6161037104796201,1.08,-1.98,102,71,0.9072884727753322,0.9176323136638709,,,pulsedAmplitudeSweep_DCIV[_ID166ZR10000(1)]20241024141534_output.dat
,ID166ZR10000,24.10.2024,14:23:29,SMU2,WGFMU1,0.4,4.1,-0.5,-3.3,0.041,2e-08,2e-08,2e-07,0.001,0.0,0.0,0.0001,0.0001,0.005,0.0,2.0,0.0,0.0,2em7s,0.4,4.1,-0.4,-3.4,2e-07,5.605100129634943,0.7681316288602579,-0.36400374863307144,1.61,-3.16,90,69,0.907073186598702,0.9095212765464478,,,pulsedAmplitudeSweep_DCIV[_ID166ZR10000(1)]20241024142329_output.dat
,ID170ZR5000,24.10.2024,13:22:32,SMU2,WGFMU1,0.7,5.0,-0.6,-3.6,0.042,2e-08,2e-08,2e-08,0.001,0.0,0.0,0.0001,0.0001,0.005,0.0,2.0,0.0,0.0,2em8s,0.6,5.0,-0.5,-3.7,2e-08,4.593602343282945,1.5463051686887639,-0.3372031286401767,0.81,-3.36,102,72,0.9079544413600292,0.9184355317374195,,,pulsedAmplitudeSweep_DCIV[_ID170ZR5000(1)]20241024132232_output.dat
,ID170ZR5000,24.10.2024,13:30:47,SMU2,WGFMU1,0.4,4.1,-0.5,-3.3,0.041,2e-08,2e-08,2e-07,0.001,0.0,0.0,0.0001,0.0001,0.005,0.0,2.0,0.0,0.0,2em7s,0.4,4.1,-0.4,-3.3,2e-07,5.346400437107455,0.7799329233913078,-0.4089646584426415,1.58,-2.86,90,69,0.9090151037749868,0.9082118957164016,,,pulsedAmplitudeSweep_DCIV[_ID170ZR5000(1)]20241024133047_output.dat
,ID170ZR5000,24.10.2024,13:38:58,SMU2,WGFMU1,0.3,4.0,-0.4,-2.9,0.036,2e-08,2e-08,2e-06,0.001,0.0,0.0,0.0001,0.0001,0.005,0.0,2.0,0.0,0.0,2em6s,0.3,4.1,-0.3,-2.9,2e-06,7.260696844739746,0.9021340014883987,-0.3561746082798783,1.3800000000000001,-3.21,103,70,0.9185300672971882,0.9350225117620752,,,pulsedAmplitudeSweep_DCIV[_ID170ZR5000(1)]20241024133858_output.dat
,ID170ZR5000,24.10.2024,13:46:45,SMU2,WGFMU1,0.1,3.6,-0.1,-3.4,0.048,2e-08,2e-08,2e-05,0.001,0.0,0.0,0.0001,0.0001,0.005,0.0,2.0,0.0,0.0,2em5s,0.3,3.7,-0.2,-3.0,2e-05,9.600144526044616,0.5312926912271044,-0.45843259490735727,2.27,-2.59,69,58,0.9040034482084608,0.9162101982098687,,,pulsedAmplitudeSweep_DCIV[_ID170ZR5000(1)]20241024134645_output.dat
,ID170ZR5000,24.10.2024,13:53:35,SMU2,WGFMU1,0.1,3.1,-0.1,-3.1,0.045,2e-08,2e-08,0.0002,0.001,0.0,0.0,0.0001,0.0001,0.005,0.0,2.0,0.0,0.0,2em4s,0.4,3.2,-0.2,-2.5,0.0002,9.957327582274425,0.4346886089218851,-0.43083106032755775,2.71,-2.73,61,51,0.8929243776275023,0.9328380553253859,,,pulsedAmplitudeSweep_DCIV[_ID170ZR5000(1)]20241024135335_output.dat
,ID170ZR5000,24.10.2024,14:00:02,SMU2,WGFMU1,0.1,2.0,-0.1,-2.0,0.03,2e-08,2e-08,0.002,0.001,0.0,0.0,0.0001,0.0001,0.005,0.0,2.0,0.0,0.0,2em3s,0.2,2.0,-0.1,-1.9,0.002,7.4695451243031785,0.516408460800337,-0.8793411457147378,2.33,-1.41,60,59,0.8909051719696635,0.9410619638671283,,,pulsedAmplitudeSweep_DCIV[_ID170ZR5000(1)]20241024140002_output.dat
,ID180ZR1000,24.10.2024,11:58:00,SMU2,WGFMU1,0.7,5.0,-0.6,-3.6,0.042,2e-08,2e-08,2e-08,0.001,0.0,0.0,0.0001,0.0001,0.005,0.0,2.0,0.0,0.0,2em8s,0.6,5.0,-0.5,-3.6,2e-08,2.5385172663613034,1.8792958221461418,-0.26417274329915447,0.67,-4.05,102,72,0.9290551388657325,0.9193906021902615,,,pulsedAmplitudeSweep_DCIV[_ID180ZR1000(1)]20241024115800_output.dat
,ID181ZR1000,24.10.2024,12:12:55,SMU2,WGFMU1,0.7,5.0,-0.6,-3.6,0.042,2e-08,2e-08,2e-08,0.001,0.0,0.0,0.0001,0.0001,0.005,0.0,2.0,0.0,0.0,2em8s,0.9,5.0,-0.6,-3.6,2e-08,2.7497590748469922,6.196592776009645,-0.2661124457399751,0.2,-4.03,98,71,0.9399316992888557,0.9443555661179419,,,pulsedAmplitudeSweep_DCIV[_ID181ZR1000(1)]20241024121255_output.dat
,ID181ZR1000,24.10.2024,12:21:13,SMU2,WGFMU1,0.4,4.1,-0.5,-3.3,0.041,2e-08,2e-08,2e-07,0.001,0.0,0.0,0.0001,0.0001,0.005,0.0,2.0,0.0,0.0,2em7s,0.6,4.1,-0.4,-3.4,2e-07,3.0180460995818623,1.0375571836314588,-0.406007830879433,1.2,-2.88,86,69,0.9270855795672343,0.9444293275380082,,,pulsedAmplitudeSweep_DCIV[_ID181ZR1000(1)]20241024122113_output.dat
,ID181ZR1000,24.10.2024,12:29:30,SMU2,WGFMU1,0.3,4.0,-0.4,-2.9,0.036,2e-08,2e-08,2e-06,0.001,0.0,0.0,0.0001,0.0001,0.005,0.0,2.0,0.0,0.0,2em6s,0.5,4.1,-0.3,-2.9,2e-06,3.6532287822875107,0.9629893832621226,-0.3379966417089151,1.29,-3.35,98,70,0.9218449117689362,0.9561065380941887,,,pulsedAmplitudeSweep_DCIV[_ID181ZR1000(1)]20241024122930_output.dat
,ID181ZR1000,24.10.2024,12:37:23,SMU2,WGFMU1,0.1,3.6,-0.1,-3.4,0.048,2e-08,2e-08,2e-05,0.001,0.0,0.0,0.0001,0.0001,0.005,0.0,2.0,0.0,0.0,2em5s,0.3,3.7,-0.0,-2.9,2e-05,4.306965078139886,0.7115255260642104,-0.5831158425959255,1.73,-2.08,69,59,0.8940634410473588,0.9305852187982754,,,pulsedAmplitudeSweep_DCIV[_ID181ZR1000(1)]20241024123723_output.dat
,ID181ZR1000,24.10.2024,12:44:23,SMU2,WGFMU1,0.1,3.1,-0.1,-3.1,0.045,2e-08,2e-08,0.0002,0.001,0.0,0.0,0.0001,0.0001,0.005,0.0,2.0,0.0,0.0,2em4s,0.4,3.2,-0.0,-2.5,0.0002,4.433449825261589,0.5677843965083667,-0.48642863057959423,2.13,-2.46,61,54,0.8603690380938676,0.942169968021486,,,pulsedAmplitudeSweep_DCIV[_ID181ZR1000(1)]20241024124423_output.dat
,ID181ZR1000,24.10.2024,12:51:01,SMU2,WGFMU1,0.1,2.0,-0.1,-2.0,0.03,2e-08,2e-08,0.002,0.001,0.0,0.0,0.0001,0.0001,0.005,0.0,2.0,0.0,0.0,2em3s,0.2,2.1,-0.0,-2.0,0.002,4.439065263940939,0.4995099423165606,-1.3306052542331865,2.4,-0.9400000000000001,60,64,0.887151638840767,0.9406220010035242,,,pulsedAmplitudeSweep_DCIV[_ID181ZR1000(1)]20241024125101_output.dat
,ID183ZR1000,24.10.2024,16:05:30,SMU2,WGFMU1,0.3,4.0,-0.4,-2.9,0.036,2e-08,2e-08,2e-06,0.001,0.0,0.0,0.0001,0.0001,0.005,0.0,10.0,0.0,0.0,2em6s 10cy,0.5,4.0,-0.3,-3.0,2e-06,4.175433120025051,1.332441298280052,-0.30164946945275545,0.9400000000000001,-3.67,97,70,0.9399308014877457,0.9623637857203685,,,pulsedAmplitudeSweep_DCIV[_ID183ZR1000(1)]20241024160530_output.dat
,ID188ZR500,24.10.2024,15:07:46,SMU2,WGFMU1,0.7,5.0,-0.6,-3.6,0.042,2e-08,2e-08,2e-08,0.001,0.0,0.0,0.0001,0.0001,0.005,0.0,2.0,0.0,0.0,2em8s,0.6,4.0,-0.5,-3.4,2e-08,1.8976067110781716,3.03069994725335,-0.33133934394590797,0.42,-3.41,78,67,0.9180485042292265,0.9138620231656912,,,pulsedAmplitudeSweep_DCIV[_ID188ZR500(1)]20241024150746_output.dat
LBE247,ID36ZR1000Circ,19.09.2024,16:37:37,SMU2,WGFMU1,0.0,2.5,0.0,-2.0,0.1,2e-08,2e-08,0.0005,0.001,0.0,0.0,0.0001,0.0001,0.005,1.0,2.0,0.0,0.0,5e-4s-2p5V-m2V,0.1,2.0,-0.2,-2.1,0.0005,4.819753086419807,0.5016047584693344,-0.44479549701028953,2.39,-2.66,18,18,0.9310430776418115,0.9782942001420339,,,pulsedAmplitudeSweep_DCIV[LBE247_ID36ZR1000Circ(1)]20240919163737_output.dat
LBE247,ID180XR1000Star,19.09.2024,16:28:56,SMU2,WGFMU1,0.0,2.5,0.0,-2.0,0.1,2e-08,2e-08,0.0005,0.001,0.0,0.0,0.0001,0.0001,0.005,1.0,2.0,0.0,0.0,5e-4s-2p5V-m2V,0.1,2.5,-0.1,-2.1,0.0005,3.03846153846155,0.6172869385629809,-0.382818489153966,1.98,-3.0300000000000002,23,19,0.9213009433916526,0.9839598689522856,,,pulsedAmplitudeSweep_DCIV[LBE247_ID180XR1000Star(1)]20240919162856_output.dat
LBE247,ID294YR,19.09.2024,11:05:17,SMU2,WGFMU1,0.0,4.0,0.0,-2.5,0.1,2e-08,2e-08,0.0005,0.001,0.0,0.0,0.0001,0.0001,0.005,0.0,4.0,0.0,0.0,5e-4s-4V-m2p5V,0.3,3.1,-0.3,-2.6,0.0005,13.087987093555336,0.9872879368538,-0.7201230964721653,1.26,-1.71,27,22,0.9405413884750463,0.939634476731159,,,pulsedAmplitudeSweep_DCIV[LBE247_ID294YR(1)]20240919110516_output.dat
LBE247,ID294YR,19.09.2024,11:10:52,SMU2,WGFMU1,0.0,3.0,0.0,-2.5,0.1,2e-08,2e-08,0.0005,0.001,0.0,0.0,0.0001,0.0001,0.005,0.0,4.0,0.0,0.0,5e-4s-4V-m2p5V,0.4,3.1,-0.1,-1.9,0.0005,16.853262316978636,0.8412482465324979,-0.7971154897629408,1.47,-1.55,26,17,0.8621171528973394,0.950764360940497,,,pulsedAmplitudeSweep_DCIV[LBE247_ID294YR(1)]20240919111052_output.dat
LBE247,ID294YR,19.09.2024,11:12:21,SMU2,WGFMU1,0.0,3.0,0.0,-2.5,0.1,2e-08,2e-08,0.0005,0.001,0.0,0.0,0.0001,0.0001,0.005,0.0,4.0,0.0,0.0,5e-4s-4V-m2p5V,0.3,3.1,-0.2,-1.8,0.0005,16.55314390951596,0.6010398886627001,-0.994413413000579,2.02,-1.25,27,15,0.8846084315495556,0.9386146108391804,,,pulsedAmplitudeSweep_DCIV[LBE247_ID294YR(2)]20240919111221_output.dat
LBE247,ID294YR,19.09.2024,11:13:50,SMU2,WGFMU1,0.0,3.0,0.0,-2.5,0.1,2e-08,2e-08,0.0005,0.001,0.0,0.0,0.0001,0.0001,0.005,0.0,4.0,0.0,0.0,5e-4s-4V-m2p5V,0.3,3.1,-0.2,-1.8,0.0005,16.00993630575053,0.5728680473832112,-0.9056187596346041,2.12,-1.37,27,15,0.8804591120328923,0.9358557445131374,,,pulsedAmplitudeSweep_DCIV[LBE247_ID294YR(3)]20240919111350_output.dat
LBE247,ID294YR,19.09.2024,11:19:27,SMU2,WGFMU1,0.0,3.0,0.0,-2.0,0.1,2e-08,2e-08,0.0005,0.001,0.0,0.0,0.0001,0.0001,0.005,1.0,3.0,0.0,0.0,5e-4s-3V-m2V,0.4,3.0,-0.3,-1.9,0.0005,16.63128352261786,0.4094261482575771,-0.4414744739016418,2.86,-2.68,25,15,0.895939064274236,0.9173040354213562,,,pulsedAmplitudeSweep_DCIV[LBE247_ID294YR(1)]20240919111927_output.dat
LBE247,ID294YR,19.09.2024,11:21:56,SMU2,WGFMU1,0.0,3.0,0.0,-2.0,0.1,2e-08,2e-08,0.0005,0.001,0.0,0.0,0.0001,0.0001,0.005,1.0,3.0,0.0,0.0,5e-4s-3V-m2V,0.3,3.0,-0.2,-1.9,0.0005,16.904405341305882,0.565283862310352,-0.44435657153558933,2.14,-2.66,26,16,0.8723066250667563,0.8973359187405707,,,pulsedAmplitudeSweep_DCIV[LBE247_ID294YR(2)]20240919112156_output.dat
LBE247,ID300XR1000Oct,19.09.2024,13:08:44,SMU2,WGFMU1,0.0,3.0,0.0,-2.0,0.1,2e-08,2e-08,0.0005,0.001,0.0,0.0,0.0001,0.0001,0.005,0.0,5.0,0.0,0.0,5e-4s-3V-m2V,0.1,3.0,-0.1,-2.1,0.0005,5.662745098038989,0.9006156411342495,-0.22667768805759136,1.3800000000000001,-4.51,28,19,0.9218716553833434,0.9824567001852874,,,pulsedAmplitudeSweep_DCIV[LBE247_ID300XR1000Oct(1)]20240919130844_output.dat
LBE247,ID300XR1000Oct,19.09.2024,13:10:13,SMU2,WGFMU1,0.0,3.0,0.0,-2.0,0.1,2e-08,2e-08,0.0005,0.001,0.0,0.0,0.0001,0.0001,0.005,0.0,5.0,0.0,0.0,5e-4s-3V-m2V,0.1,3.1,-0.2,-2.1,0.0005,5.8571428571429225,0.5979240439082947,-0.24067411020041565,2.0300000000000002,-4.33,29,18,0.9295248384374554,0.985119497542986,,,pulsedAmplitudeSweep_DCIV[LBE247_ID300XR1000Oct(2)]20240919131013_output.dat
LBE247,ID300XR1000Oct,19.09.2024,13:11:36,SMU2,WGFMU1,0.0,3.0,0.0,-2.0,0.1,2e-08,2e-08,0.0005,0.001,0.0,0.0,0.0001,0.0001,0.005,0.0,5.0,0.0,0.0,5e-4s-3V-m2V,0.1,3.1,-0.1,-2.1,0.0005,6.081481481481101,0.8277226530720652,-0.24804746804477043,1.5,-4.24,29,19,0.9121841341217565,0.9890682544265396,,,pulsedAmplitudeSweep_DCIV[LBE247_ID300XR1000Oct(3)]20240919131136_output.dat
LBE247,ID300XR1000Oct,19.09.2024,13:12:58,SMU2,WGFMU1,0.0,3.0,0.0,-2.0,0.1,2e-08,2e-08,0.0005,0.001,0.0,0.0,0.0001,0.0001,0.005,0.0,5.0,0.0,0.0,5e-4s-3V-m2V,0.1,3.0,-0.1,-2.1,0.0005,6.234657039711251,0.8101219929927859,-0.2560766188419563,1.53,-4.15,28,19,0.9188669289998064,0.9830232358767695,,,pulsedAmplitudeSweep_DCIV[LBE247_ID300XR1000Oct(4)]20240919131258_output.dat
LBE247,ID300ZR1000Oct,19.09.2024,11:41:02,SMU2,WGFMU1,0.0,3.0,0.0,-2.0,0.1,2e-08,2e-08,0.0005,0.001,0.0,0.0,0.0001,0.0001,0.005,1.0,3.0,0.0,0.0,5e-4s-3V-m2V,0.1,3.0,-0.3,-2.0,0.0005,5.355555555555593,0.48747855268415863,-0.25506862595697605,2.45,-4.16,28,16,0.9605187411397241,0.9712571488605825,,,pulsedAmplitudeSweep_DCIV[LBE247_ID300ZR1000Oct(1)]20240919114102_output.dat
LBE247,ID300ZR1000Oct,19.09.2024,11:43:27,SMU2,WGFMU1,0.0,3.0,0.0,-2.0,0.1,2e-08,2e-08,0.0005,0.001,0.0,0.0,0.0001,0.0001,0.005,1.0,3.0,0.0,0.0,5e-4s-3V-m2V,0.1,3.0,-0.2,-2.1,0.0005,6.123287671232879,0.5927765882560063,-0.26805979880467035,2.05,-4.01,28,18,0.9338208384549342,0.9742192349933777,,,pulsedAmplitudeSweep_DCIV[LBE247_ID300ZR1000Oct(2)]20240919114327_output.dat
LBE247,ID301XR1000Oct,19.09.2024,14:20:07,SMU2,WGFMU1,0.0,1.5,0.0,-1.5,0.1,2e-08,2e-08,0.005,0.001,0.0,0.0,0.0001,0.0001,0.005,1.0,2.0,0.0,0.0,5e-3s-2V-m2V,0.1,1.6,-0.1,-1.6,0.005,4.2691029900332875,0.4970160457121644,-0.5102657877281084,2.41,-2.35,14,14,0.9205866684583465,0.9960693898818594,,,pulsedAmplitudeSweep_DCIV[LBE247_ID301XR1000Oct(1)]20240919142007_output.dat
LBE247,ID301XR1000Oct,19.09.2024,14:34:40,SMU2,WGFMU1,0.0,2.0,0.0,-2.0,0.1,2e-08,2e-08,0.002,0.001,0.0,0.0,0.0001,0.0001,0.005,1.0,2.0,0.0,0.0,2e-3s-2V-m2V,0.1,1.9,-0.1,-2.0,0.002,4.421836228287849,0.48688010795313513,-0.6611100873334831,2.45,-1.85,17,18,0.932081616421071,0.9841838400269765,,,pulsedAmplitudeSweep_DCIV[LBE247_ID301XR1000Oct(1)]20240919143440_output.dat
LBE247,ID301XR1000Oct,19.09.2024,14:41:43,SMU2,WGFMU1,0.0,2.5,0.0,-2.5,0.1,2e-08,2e-08,0.0005,0.001,0.0,0.0,0.0001,0.0001,0.005,1.0,2.0,0.0,0.0,5e-4s-2p5V-m2p5V,0.1,2.6,-0.1,-2.4,0.0005,4.9559585492224665,0.45640566884842015,-0.4193635218081859,2.6,-2.8000000000000003,24,22,0.9284735535502507,0.9543731051750538,,,pulsedAmplitudeSweep_DCIV[LBE247_ID301XR1000Oct(1)]20240919144143_output.dat
LBE247,ID301XR1000Oct,19.09.2024,14:49:16,SMU2,WGFMU1,0.0,3.0,0.0,-3.0,0.1,2e-08,2e-08,0.0002,0.001,0.0,0.0,0.0001,0.0001,0.005,1.0,2.0,0.0,0.0,2e-4s-3V-m3V,0.1,3.1,-0.0,-3.1,0.0002,6.576323987538299,0.48388518711658157,-0.4184151796174065,2.47,-2.81,29,30,0.9138677428107209,0.9296546292235037,,,pulsedAmplitudeSweep_DCIV[LBE247_ID301XR1000Oct(1)]20240919144916_output.dat
LBE247,ID301XR1000Oct,19.09.2024,14:57:10,SMU2,WGFMU1,0.0,3.5,0.0,-3.5,0.1,2e-08,2e-08,5e-05,0.001,0.0,0.0,0.0001,0.0001,0.005,1.0,2.0,0.0,0.0,5e-5s-3p5V-m3p5V,0.3,3.6,-0.3,-3.6,5e-05,7.462732919254904,0.3519973793608444,-0.40192587229418475,3.25,-2.9,32,32,0.9557563298881386,0.9053406113431618,,,pulsedAmplitudeSweep_DCIV[LBE247_ID301XR1000Oct(1)]20240919145710_output.dat
LBE247,ID301XR1000Oct,19.09.2024,15:05:10,SMU2,WGFMU1,0.0,3.5,0.0,-3.5,0.1,2e-08,2e-08,2e-05,0.001,0.0,0.0,0.0001,0.0001,0.005,1.0,2.0,0.0,0.0,2e-5s-3p5V-m3p5V,0.3,3.6,-0.2,-3.4,2e-05,7.902439024390351,0.4580972349605264,-0.47013475859589376,2.59,-2.5300000000000002,32,31,0.9215808135123168,0.9083820797499244,,,pulsedAmplitudeSweep_DCIV[LBE247_ID301XR1000Oct(1)]20240919150510_output.dat
LBE247,ID301XR1000Oct,19.09.2024,15:15:59,SMU2,WGFMU1,0.0,4.0,0.0,-4.0,0.1,2e-08,2e-08,5e-06,0.001,0.0,0.0,0.0001,0.0001,0.005,1.0,2.0,0.0,0.0,5e-6s-4V-m4V,0.7,3.8,-0.5,-3.1,5e-06,7.647887323943704,0.6338269651646797,-0.5225283280996663,1.93,-2.3000000000000003,30,25,0.9372386223925682,0.9413357029987753,,,pulsedAmplitudeSweep_DCIV[LBE247_ID301XR1000Oct(1)]20240919151559_output.dat
LBE247,ID301XR1000Oct,19.09.2024,15:26:38,SMU2,WGFMU1,0.0,4.0,0.0,-4.0,0.1,2e-08,2e-08,2e-06,0.001,0.0,0.0,0.0001,0.0001,0.005,1.0,2.0,0.0,0.0,2e-6s-4V-m4V,0.6,3.6,-0.3,-2.9,2e-06,7.7519379844969745,2.1487704184596925,-1.0321319478405244,0.59,-1.21,29,25,0.8975290698657147,0.9515905480010501,,,pulsedAmplitudeSweep_DCIV[LBE247_ID301XR1000Oct(1)]20240919152638_output.dat
LBE247,ID301XR1000Oct,19.09.2024,15:35:56,SMU2,WGFMU1,0.0,4.0,0.0,-4.0,0.1,2e-08,2e-08,5e-07,0.001,0.0,0.0,0.0001,0.0001,0.005,1.0,2.0,0.0,0.0,5e-7s-4V-m4V,0.6,4.1,-0.6,-3.3,5e-07,8.162729658793381,0.5286414453179026,-0.8001450735553398,2.2800000000000002,-1.55,34,26,0.9103719776483703,0.9433261358484016,,,pulsedAmplitudeSweep_DCIV[LBE247_ID301XR1000Oct(1)]20240919153556_output.dat
LBE247,ID301XR1000Oct,19.09.2024,15:44:58,SMU2,WGFMU1,0.0,4.5,0.0,-4.0,0.1,2e-08,2e-08,2e-07,0.001,0.0,0.0,0.0001,0.0001,0.005,1.0,2.0,0.0,0.0,2e-7s-4p5V-m4V,0.8,3.9,-0.8,-3.6,2e-07,7.314031180400441,0.8444388316497975,-0.9655401324846647,1.47,-1.29,30,27,0.9486745453088015,0.9635940563641334,,,pulsedAmplitudeSweep_DCIV[LBE247_ID301XR1000Oct(1)]20240919154458_output.dat
LBE247,ID301XR1000Oct,19.09.2024,15:55:19,SMU2,WGFMU1,0.0,5.0,0.0,-4.5,0.1,2e-08,2e-08,5e-08,0.001,0.0,0.0,0.0001,0.0001,0.005,1.0,2.0,0.0,0.0,5e-8s-5V-m4V,1.1,4.5,-0.7,-3.5,5e-08,7.549145299145815,12309.699442143283,-1.307638203860029,0.01,-0.96,33,27,0.9263122833210311,0.9732837011918664,,,pulsedAmplitudeSweep_DCIV[LBE247_ID301XR1000Oct(1)]20240919155519_output.dat
LBE247,ID301XR1000Oct,19.09.2024,16:05:42,SMU2,WGFMU1,0.0,5.0,0.0,-4.5,0.1,2e-08,2e-08,2e-08,0.001,0.0,0.0,0.0001,0.0001,0.005,1.0,2.0,0.0,0.0,2e-8s-5V-m4p5V,1.1,5.0,-0.9,-3.5,2e-08,7.78406708595419,2.0620429388766093,-1.0373475375506476,0.61,-1.2,38,25,0.9285355209720362,0.9700399625661974,,,pulsedAmplitudeSweep_DCIV[LBE247_ID301XR1000Oct(1)]20240919160542_output.dat
LBE247,ID305ZR500Oct,19.09.2024,12:16:08,SMU2,WGFMU1,0.0,3.0,0.0,-2.0,0.1,2e-08,2e-08,0.0005,0.001,0.0,0.0,0.0001,0.0001,0.005,1.0,5.0,0.0,0.0,5e-4s-3V-m2V,0.0,2.4,-0.1,-2.0,0.0005,4.426647404932777,2.11244112537449,-0.9819292691835764,0.6,-1.27,23,18,0.8974818371755187,0.9347319142610374,,,pulsedAmplitudeSweep_DCIV[LBE247_ID305ZR500Oct(1)]20240919121608_output.dat
