device_name,device_id,test_date,test_time,groundWGFMU,pulseWGFMU,startVolage1,endVoltage1,startVolage2,endVoltage2,stepSize,riseTime,fallTime,pulseWidth,pulseDelay,VpreCond1,VpreCond2,riseTimePrecond,fallTimePrecon,pulseWidthPreCond,bothSides,repetitions,preConEveryLoop,groundVoltageDuringPulse,measName,VStartPos (V),VEndPos (V),VStartNeg (V),VEndNeg (V),twidth (s),onOffRatio,A_LTP,A_LTD,num_LTP,num_LTD,epochs,accuracy
LBE247,ID294YR,19.09.2024,11:16:57,SMU2,WGFMU1,0.0,3.0,0.0,-2.0,0.1,2e-08,2e-08,0.0005,0.001,0.0,0.0,0.0001,0.0001,0.005,1.0,3.0,0.0,0.0,5e-4s-3V-m2V,0.1,3.0,0,-1.4,0.0005,17.32426864435029,0.3652034250487578,-0.25997956084224844,26,56,25,40.13
LBE247,ID300ZR1000Oct,19.09.2024,11:41:02,SMU2,WGFMU1,0.0,3.0,0.0,-2.0,0.1,2e-08,2e-08,0.0005,0.001,0.0,0.0,0.0001,0.0001,0.005,1.0,3.0,0.0,0.0,5e-4s-3V-m2V,0.1,3.0,0,-1.4,0.0005,6.179487179487237,0.45053523650359545,-0.12713163723716395,26,56,25,11.34
LBE247,ID300XR1000Oct,19.09.2024,13:08:44,SMU2,WGFMU1,0.0,3.0,0.0,-2.0,0.1,2e-08,2e-08,0.0005,0.001,0.0,0.0,0.0001,0.0001,0.005,0.0,5.0,0.0,0.0,5e-4s-3V-m2V,0.1,3.0,0,-1.4,0.0005,5.662745098038989,9557.06240135114,-0.2266776880090911,13,28,25,9.83
LBE247,ID300XR1000Oct,19.09.2024,13:11:36,SMU2,WGFMU1,0.0,3.0,0.0,-2.0,0.1,2e-08,2e-08,0.0005,0.001,0.0,0.0,0.0001,0.0001,0.005,0.0,5.0,0.0,0.0,5e-4s-3V-m2V,0.1,3.0,0,-1.4,0.0005,5.802120141342334,9518.360199461942,-0.2525371386177911,13,28,25,9.88
LBE247,ID300ZR1000Oct,19.09.2024,11:43:27,SMU2,WGFMU1,0.0,3.0,0.0,-2.0,0.1,2e-08,2e-08,0.0005,0.001,0.0,0.0,0.0001,0.0001,0.005,1.0,3.0,0.0,0.0,5e-4s-3V-m2V,0.1,3.0,0,-1.4,0.0005,6.876923076922949,0.4728245709918007,-0.12984876548315133,26,56,25,11.1
LBE247,ID300YR1000Oct,19.09.2024,13:04:12,SMU2,WGFMU1,0.0,3.0,0.0,-2.0,0.1,2e-08,2e-08,0.0005,0.001,0.0,0.0,0.0001,0.0001,0.005,0.0,5.0,0.0,0.0,5e-4s-3V-m2V,0.1,3.0,0,-1.4,0.0005,3.9795918367347696,5468.68387329158,-0.33253726546234363,13,28,25,9.8
LBE247,ID294YR,19.09.2024,11:03:34,SMU2,WGFMU1,0.0,4.0,0.0,-2.5,0.1,2e-08,2e-08,0.0005,0.001,0.0,0.0,0.0001,0.0001,0.005,0.0,4.0,0.0,0.0,5e-4s-4V-m2p5V,0.1,4.0,0,-1.4,0.0005,4.652139144341686,16439.553695941413,-0.02548908978229674,13,38,25,9.81
LBE247,ID301XR1000Oct,19.09.2024,14:49:16,SMU2,WGFMU1,0.0,3.0,0.0,-3.0,0.1,2e-08,2e-08,0.0002,0.001,0.0,0.0,0.0001,0.0001,0.005,1.0,2.0,0.0,0.0,2e-4s-3V-m3V,0.1,3.0,0,-1.4,0.0002,7.355400696863389,0.496107094361324,-0.17657761032783564,26,56,25,19.49
LBE247,ID294YR,19.09.2024,11:12:21,SMU2,WGFMU1,0.0,3.0,0.0,-2.5,0.1,2e-08,2e-08,0.0005,0.001,0.0,0.0,0.0001,0.0001,0.005,0.0,4.0,0.0,0.0,5e-4s-4V-m2p5V,0.1,3.0,0,-1.4,0.0005,16.09688449842471,22806.08071046947,-2.593822180329092,13,28,25,14.0
LBE247,ID294YR,19.09.2024,11:21:56,SMU2,WGFMU1,0.0,3.0,0.0,-2.0,0.1,2e-08,2e-08,0.0005,0.001,0.0,0.0,0.0001,0.0001,0.005,1.0,3.0,0.0,0.0,5e-4s-3V-m2V,0.1,3.0,0,-1.4,0.0005,18.380516684709317,0.3711113175387552,-0.1954357357819907,26,56,25,31.33
LBE247,ID301XR1000Oct,19.09.2024,14:39:14,SMU2,WGFMU1,0.0,2.5,0.0,-2.5,0.1,2e-08,2e-08,0.0005,0.001,0.0,0.0,0.0001,0.0001,0.005,1.0,2.0,0.0,0.0,5e-4s-2p5V-m2p5V,0.1,2.5,0,-1.4,0.0005,5.148997134670225,0.40187217430967337,-0.1767444107037681,26,46,25,10.11
LBE247,ID301XR1000Oct,19.09.2024,15:41:03,SMU2,WGFMU1,0.0,4.5,0.0,-4.0,0.1,2e-08,2e-08,2e-07,0.001,0.0,0.0,0.0001,0.0001,0.005,1.0,2.0,0.0,0.0,2e-7s-4p5V-m4V,0.1,4.1,0,-1.4,2e-07,7.343457943924443,34.06189579448615,-0.2882884052986033,26,78,25,9.0
LBE247,ID300ZR1000Oct,19.09.2024,11:38:38,SMU2,WGFMU1,0.0,3.0,0.0,-2.0,0.1,2e-08,2e-08,0.0005,0.001,0.0,0.0,0.0001,0.0001,0.005,1.0,3.0,0.0,0.0,5e-4s-3V-m2V,0.1,3.0,0,-1.4,0.0005,5.19913419913442,0.456226375989817,-0.14281677887328714,26,56,25,11.33
LBE247,ID301XR1000Oct,19.09.2024,14:26:23,SMU2,WGFMU1,0.0,2.0,0.0,-2.0,0.1,2e-08,2e-08,0.002,0.001,0.0,0.0,0.0001,0.0001,0.005,1.0,2.0,0.0,0.0,2e-3s-2V-m2V,0.1,2.0,0,-1.4,0.002,2.9051383399210535,5867.8401600875095,-0.5901613112991869,26,36,25,9.8
LBE247,ID301XR1000Oct,19.09.2024,15:12:10,SMU2,WGFMU1,0.0,4.0,0.0,-4.0,0.1,2e-08,2e-08,5e-06,0.001,0.0,0.0,0.0001,0.0001,0.005,1.0,2.0,0.0,0.0,5e-6s-4V-m4V,0.1,4.0,0,-1.4,5e-06,7.396600566572744,1.9962782990863257,-0.2014770719881319,26,76,25,11.35
LBE247,ID301XR1000Oct,19.09.2024,14:34:40,SMU2,WGFMU1,0.0,2.0,0.0,-2.0,0.1,2e-08,2e-08,0.002,0.001,0.0,0.0,0.0001,0.0001,0.005,1.0,2.0,0.0,0.0,2e-3s-2V-m2V,0.1,2.0,0,-1.4,0.002,4.499999999999911,0.3238847812810871,-0.18793815232014494,26,36,25,11.35
LBE247,ID301XR1000Oct,19.09.2024,14:32:38,SMU2,WGFMU1,0.0,2.0,0.0,-2.0,0.1,2e-08,2e-08,0.002,0.001,0.0,0.0,0.0001,0.0001,0.005,1.0,2.0,0.0,0.0,2e-3s-2V-m2V,0.1,2.0,0,-1.4,0.002,3.226829268292857,0.3278837179017985,-0.27768713597808287,26,36,25,9.8
LBE247,ID301XR1000Oct,19.09.2024,15:22:56,SMU2,WGFMU1,0.0,4.0,0.0,-4.0,0.1,2e-08,2e-08,2e-06,0.001,0.0,0.0,0.0001,0.0001,0.005,1.0,2.0,0.0,0.0,2e-6s-4V-m4V,0.1,4.0,0,-1.4,2e-06,7.983333333332711,2.4976089788705096,-0.2880845349838838,26,76,25,12.61
LBE247,ID301XR1000Oct,19.09.2024,14:57:10,SMU2,WGFMU1,0.0,3.5,0.0,-3.5,0.1,2e-08,2e-08,5e-05,0.001,0.0,0.0,0.0001,0.0001,0.005,1.0,2.0,0.0,0.0,5e-5s-3p5V-m3p5V,0.1,3.5,0,-1.4,5e-05,7.774193548387082,0.7568301994397225,-0.1915616698681881,26,66,25,10.87
LBE247,ID301XR1000Oct,19.09.2024,15:26:38,SMU2,WGFMU1,0.0,4.0,0.0,-4.0,0.1,2e-08,2e-08,2e-06,0.001,0.0,0.0,0.0001,0.0001,0.005,1.0,2.0,0.0,0.0,2e-6s-4V-m4V,0.1,4.0,0,-1.4,2e-06,8.287671232876688,2.4617581039686605,-0.2516475658198882,26,76,25,12.24
LBE247,ID301XR1000Oct,19.09.2024,15:15:59,SMU2,WGFMU1,0.0,4.0,0.0,-4.0,0.1,2e-08,2e-08,5e-06,0.001,0.0,0.0,0.0001,0.0001,0.005,1.0,2.0,0.0,0.0,5e-6s-4V-m4V,0.1,4.0,0,-1.4,5e-06,7.813559322032773,1.9054687500555472,-0.2338648610663311,26,76,25,17.09
LBE247,ID294YR,19.09.2024,11:13:50,SMU2,WGFMU1,0.0,3.0,0.0,-2.5,0.1,2e-08,2e-08,0.0005,0.001,0.0,0.0,0.0001,0.0001,0.005,0.0,4.0,0.0,0.0,5e-4s-4V-m2p5V,0.1,3.0,0,-1.4,0.0005,15.851413625695919,22489.26537085382,-2.078610699430309,13,28,25,15.03
LBE247,ID294YR,19.09.2024,11:10:52,SMU2,WGFMU1,0.0,3.0,0.0,-2.5,0.1,2e-08,2e-08,0.0005,0.001,0.0,0.0,0.0001,0.0001,0.005,0.0,4.0,0.0,0.0,5e-4s-4V-m2p5V,0.1,3.0,0,-1.4,0.0005,16.702391725941638,29676.381651160853,-2.503665619453967,13,28,25,13.3
LBE247,ID305ZR500Oct,19.09.2024,12:16:08,SMU2,WGFMU1,0.0,3.0,0.0,-2.0,0.1,2e-08,2e-08,0.0005,0.001,0.0,0.0,0.0001,0.0001,0.005,1.0,5.0,0.0,0.0,5e-4s-3V-m2V,0.1,3.0,0,-1.4,0.0005,4.571939812932098,0.5465929044713916,-0.1741116839292812,26,56,25,11.35
LBE247,ID301XR1000Oct,19.09.2024,15:01:54,SMU2,WGFMU1,0.0,3.5,0.0,-3.5,0.1,2e-08,2e-08,2e-05,0.001,0.0,0.0,0.0001,0.0001,0.005,1.0,2.0,0.0,0.0,2e-5s-3p5V-m3p5V,0.1,3.5,0,-1.4,2e-05,8.080128205128117,0.8192962535056542,-0.2174180674049753,26,66,25,18.33
LBE247,ID180ZR1000Star,19.09.2024,16:19:07,SMU2,WGFMU1,0.0,3.0,0.0,-2.0,0.1,2e-08,2e-08,0.0005,0.001,0.0,0.0,0.0001,0.0001,0.005,1.0,2.0,0.0,0.0,5e-4s-3p5V-m2V,0.1,3.0,0,-1.4,0.0005,2.443478260869529,8291.575261809523,-0.1255976290733627,4,56,25,9.8
LBE247,ID305ZR500Oct,19.09.2024,11:55:52,SMU2,WGFMU1,0.0,3.0,0.0,-2.0,0.1,2e-08,2e-08,0.0005,0.001,0.0,0.0,0.0001,0.0001,0.005,1.0,5.0,0.0,0.0,5e-4s-3V-m2V,0.1,3.0,0,-1.4,0.0005,3.0786260629958773,0.4922246709756473,-0.1704823526949392,26,56,25,9.8
LBE247,ID294YR,19.09.2024,11:05:17,SMU2,WGFMU1,0.0,4.0,0.0,-2.5,0.1,2e-08,2e-08,0.0005,0.001,0.0,0.0,0.0001,0.0001,0.005,0.0,4.0,0.0,0.0,5e-4s-4V-m2p5V,0.1,4.0,0,-1.4,0.0005,13.67178502881716,15047.24275575563,-0.4461342017862815,13,38,25,10.92
LBE247,ID36ZR1000Circ,19.09.2024,16:37:37,SMU2,WGFMU1,0.0,2.5,0.0,-2.0,0.1,2e-08,2e-08,0.0005,0.001,0.0,0.0,0.0001,0.0001,0.005,1.0,2.0,0.0,0.0,5e-4s-2p5V-m2V,0.1,2.5,0,-1.4,0.0005,4.954314720812216,0.4175861773102241,-0.1318403077610268,26,46,25,10.1
LBE247,ID300XR1000Oct,19.09.2024,13:10:13,SMU2,WGFMU1,0.0,3.0,0.0,-2.0,0.1,2e-08,2e-08,0.0005,0.001,0.0,0.0,0.0001,0.0001,0.005,0.0,5.0,0.0,0.0,5e-4s-3V-m2V,0.1,3.0,0,-1.4,0.0005,5.304195804195815,7122.525932052773,-0.2368518273890102,13,28,25,9.81
LBE247,ID294YR,19.09.2024,11:09:23,SMU2,WGFMU1,0.0,3.0,0.0,-2.5,0.1,2e-08,2e-08,0.0005,0.001,0.0,0.0,0.0001,0.0001,0.005,0.0,4.0,0.0,0.0,5e-4s-4V-m2p5V,0.1,3.0,0,-1.4,0.0005,1.1448457938317946,5434.15519808514,-0.011339794118735157,13,28,25,9.8
LBE247,ID300XR1000Oct,19.09.2024,13:12:58,SMU2,WGFMU1,0.0,3.0,0.0,-2.0,0.1,2e-08,2e-08,0.0005,0.001,0.0,0.0,0.0001,0.0001,0.005,0.0,5.0,0.0,0.0,5e-4s-3V-m2V,0.1,3.0,0,-1.4,0.0005,6.234657039711251,12390.779333174753,-0.25607661949566013,13,28,25,9.97
LBE247,ID301XR1000Oct,19.09.2024,15:32:13,SMU2,WGFMU1,0.0,4.0,0.0,-4.0,0.1,2e-08,2e-08,5e-07,0.001,0.0,0.0,0.0001,0.0001,0.005,1.0,2.0,0.0,0.0,5e-7s-4V-m4V,0.1,4.0,0,-1.4,5e-07,8.567796610168493,5.055496555642937,-0.3144359908563998,26,76,25,19.15
LBE247,ID180XR1000Star,19.09.2024,16:28:56,SMU2,WGFMU1,0.0,2.5,0.0,-2.0,0.1,2e-08,2e-08,0.0005,0.001,0.0,0.0,0.0001,0.0001,0.005,1.0,2.0,0.0,0.0,5e-4s-2p5V-m2V,0.1,2.5,0,-1.4,0.0005,3.2244897959183962,0.3843020235307201,-0.16719501505497616,26,46,25,9.8
LBE247,ID294ZR,19.09.2024,10:58:39,SMU2,WGFMU1,0.0,4.5,0.0,-3.0,0.1,2e-08,2e-08,0.0005,0.001,0.0,0.0,0.0001,0.0001,0.005,0.0,4.0,0.0,0.0,5e-4s-4p5V-m3V,0.1,4.1,0,-1.4,0.0005,4.622509612028183,15317.6608837602,-0.20671331706812301,13,39,25,9.81
LBE247,ID301XR1000Oct,19.09.2024,14:46:21,SMU2,WGFMU1,0.0,3.0,0.0,-3.0,0.1,2e-08,2e-08,0.0002,0.001,0.0,0.0,0.0001,0.0001,0.005,1.0,2.0,0.0,0.0,2e-4s-3V-m3V,0.1,3.0,0,-1.4,0.0002,6.064102564103068,0.4952971811610415,-0.17157128563148222,26,56,25,18.82
LBE247,ID301XR1000Oct,19.09.2024,15:05:10,SMU2,WGFMU1,0.0,3.5,0.0,-3.5,0.1,2e-08,2e-08,2e-05,0.001,0.0,0.0,0.0001,0.0001,0.005,1.0,2.0,0.0,0.0,2e-5s-3p5V-m3p5V,0.1,3.5,0,-1.4,2e-05,8.234920634919641,0.818302339142152,-0.2063294903301691,26,66,25,20.84
LBE247,ID301XR1000Oct,19.09.2024,15:44:58,SMU2,WGFMU1,0.0,4.5,0.0,-4.0,0.1,2e-08,2e-08,2e-07,0.001,0.0,0.0,0.0001,0.0001,0.005,1.0,2.0,0.0,0.0,2e-7s-4p5V-m4V,0.1,4.1,0,-1.4,2e-07,8.162162162163034,34.78409200643496,-0.2877207993161812,26,78,25,9.5
LBE247,ID301XR1000Oct,19.09.2024,15:35:56,SMU2,WGFMU1,0.0,4.0,0.0,-4.0,0.1,2e-08,2e-08,5e-07,0.001,0.0,0.0,0.0001,0.0001,0.005,1.0,2.0,0.0,0.0,5e-7s-4V-m4V,0.1,4.0,0,-1.4,5e-07,8.554945054946165,4.321973350131853,-0.2787650877589327,26,76,25,17.65
LBE247,ID301XR1000Oct,19.09.2024,14:18:32,SMU2,WGFMU1,0.0,1.5,0.0,-1.5,0.1,2e-08,2e-08,0.005,0.001,0.0,0.0,0.0001,0.0001,0.005,1.0,2.0,0.0,0.0,5e-3s-2V-m2V,0.1,1.5,0,-1.4,0.005,4.505154639175232,0.2798856734929948,-0.18853618747383716,26,26,25,9.8
LBE247,ID301XR1000Oct,19.09.2024,14:41:43,SMU2,WGFMU1,0.0,2.5,0.0,-2.5,0.1,2e-08,2e-08,0.0005,0.001,0.0,0.0,0.0001,0.0001,0.005,1.0,2.0,0.0,0.0,5e-4s-2p5V-m2p5V,0.1,2.5,0,-1.4,0.0005,5.4346590909088155,0.39955149523395816,-0.17842158277003276,26,46,25,9.86
LBE247,ID36ZR1000Circ,19.09.2024,16:35:25,SMU2,WGFMU1,0.0,2.5,0.0,-2.0,0.1,2e-08,2e-08,0.0005,0.001,0.0,0.0,0.0001,0.0001,0.005,1.0,2.0,0.0,0.0,5e-4s-2p5V-m2V,0.1,2.5,0,-1.4,0.0005,2.7729257641921157,0.42608258855659925,-0.12858285155909097,26,46,25,9.8
LBE247,ID300XR1000Oct,19.09.2024,13:07:18,SMU2,WGFMU1,0.0,3.0,0.0,-2.0,0.1,2e-08,2e-08,0.0005,0.001,0.0,0.0,0.0001,0.0001,0.005,0.0,5.0,0.0,0.0,5e-4s-3V-m2V,0.1,3.0,0,-1.4,0.0005,2.8544303797468586,13822.227718223672,-0.5265644524149873,13,28,25,9.8
LBE247,ID301XR1000Oct,19.09.2024,16:05:42,SMU2,WGFMU1,0.0,5.0,0.0,-4.5,0.1,2e-08,2e-08,2e-08,0.001,0.0,0.0,0.0001,0.0001,0.005,1.0,2.0,0.0,0.0,2e-8s-5V-m4p5V,0.1,4.1,0,-1.4,2e-08,7.966101694915534,236.65719220731975,-0.4571032852405605,26,78,25,22.52
LBE247,ID301XR1000Oct,19.09.2024,15:50:57,SMU2,WGFMU1,0.0,5.0,0.0,-4.5,0.1,2e-08,2e-08,5e-08,0.001,0.0,0.0,0.0001,0.0001,0.005,1.0,2.0,0.0,0.0,5e-8s-5V-m4V,0.1,4.1,0,-1.4,5e-08,7.197894736842533,427.84855869494504,-0.3563766538899789,26,78,25,13.89
LBE247,ID294YR,19.09.2024,11:19:27,SMU2,WGFMU1,0.0,3.0,0.0,-2.0,0.1,2e-08,2e-08,0.0005,0.001,0.0,0.0,0.0001,0.0001,0.005,1.0,3.0,0.0,0.0,5e-4s-3V-m2V,0.1,3.0,0,-1.4,0.0005,18.57217272099728,0.3699092756010628,-0.20898792191792323,26,56,25,33.94
LBE247,ID301XR1000Oct,19.09.2024,14:20:07,SMU2,WGFMU1,0.0,1.5,0.0,-1.5,0.1,2e-08,2e-08,0.005,0.001,0.0,0.0,0.0001,0.0001,0.005,1.0,2.0,0.0,0.0,5e-3s-2V-m2V,0.1,1.5,0,-1.4,0.005,4.3707482993198425,0.2533634225238726,-0.19883308187435952,26,26,25,9.8
LBE247,ID301XR1000Oct,19.09.2024,15:55:19,SMU2,WGFMU1,0.0,5.0,0.0,-4.5,0.1,2e-08,2e-08,5e-08,0.001,0.0,0.0,0.0001,0.0001,0.005,1.0,2.0,0.0,0.0,5e-8s-5V-m4V,0.1,4.1,0,-1.4,5e-08,7.702586206895597,85.61862692150889,-0.41084229689801244,26,78,25,11.34
LBE247,ID301XR1000Oct,19.09.2024,16:01:20,SMU2,WGFMU1,0.0,5.0,0.0,-4.5,0.1,2e-08,2e-08,2e-08,0.001,0.0,0.0,0.0001,0.0001,0.005,1.0,2.0,0.0,0.0,2e-8s-5V-m4p5V,0.1,4.1,0,-1.4,2e-08,8.213808463251382,230.53088395187578,-0.5169599886249473,26,78,25,18.36
LBE247,ID180XR1000Star,19.09.2024,16:26:40,SMU2,WGFMU1,0.0,2.5,0.0,-2.0,0.1,2e-08,2e-08,0.0005,0.001,0.0,0.0,0.0001,0.0001,0.005,1.0,2.0,0.0,0.0,5e-4s-2p5V-m2V,0.1,2.5,0,-1.4,0.0005,2.6524822695035026,0.37351765754005267,-0.1730645272429895,26,46,25,9.8
LBE247,ID301XR1000Oct,19.09.2024,14:28:25,SMU2,WGFMU1,0.0,2.0,0.0,-2.0,0.1,2e-08,2e-08,0.002,0.001,0.0,0.0,0.0001,0.0001,0.005,1.0,2.0,0.0,0.0,2e-3s-2V-m2V,0.1,2.0,0,-1.4,0.002,3.4318618042226157,28.64382388753244,-0.248736508713071,26,36,25,9.8
LBE247,ID301XR1000Oct,19.09.2024,14:53:47,SMU2,WGFMU1,0.0,3.5,0.0,-3.5,0.1,2e-08,2e-08,5e-05,0.001,0.0,0.0,0.0001,0.0001,0.005,1.0,2.0,0.0,0.0,5e-5s-3p5V-m3p5V,0.1,3.5,0,-1.4,5e-05,7.678321678321321,0.7138954345120716,-0.17079039382799588,26,66,25,10.73
